<?xml version="1.0" encoding="UTF-8"?><record xmlns="http://www.loc.gov/MARC21/slim" xmlns:cinclude="http://apache.org/cocoon/include/1.0" xmlns:zs="http://www.loc.gov/zing/srw/">
  <leader>01039cz  a2200229n  4500</leader>
  <controlfield tag="001">nr 92031710 </controlfield>
  <controlfield tag="003">DLC</controlfield>
  <controlfield tag="005">20141209073746.0</controlfield>
  <controlfield tag="008">920908n| azannaabn          |a aaa     c</controlfield>
  <datafield tag="010" ind1=" " ind2=" ">
    <subfield code="a">nr 92031710 </subfield>
  </datafield>
  <datafield tag="035" ind1=" " ind2=" ">
    <subfield code="a">(OCoLC)oca03237771</subfield>
  </datafield>
  <datafield tag="040" ind1=" " ind2=" ">
    <subfield code="a">PP</subfield>
    <subfield code="b">eng</subfield>
    <subfield code="e">rda</subfield>
    <subfield code="c">PP</subfield>
    <subfield code="d">OCoLC</subfield>
    <subfield code="d">Uk</subfield>
    <subfield code="d">DLC</subfield>
    <subfield code="d">CaNfSM</subfield>
  </datafield>
  <datafield tag="046" ind1=" " ind2=" ">
    <subfield code="f">18290429</subfield>
    <subfield code="g">18930206</subfield>
  </datafield>
  <datafield tag="100" ind1="1" ind2=" ">
    <subfield code="a">Brabourne, Edward Hugessen Knatchbull-Hugessen,</subfield>
    <subfield code="c">Baron,</subfield>
    <subfield code="d">1829-1893</subfield>
  </datafield>
  <datafield tag="370" ind1=" " ind2=" ">
    <subfield code="c">England</subfield>
    <subfield code="f">Sandwich (England)</subfield>
  </datafield>
  <datafield tag="375" ind1=" " ind2=" ">
    <subfield code="a">male</subfield>
  </datafield>
  <datafield tag="377" ind1=" " ind2=" ">
    <subfield code="a">eng</subfield>
  </datafield>
  <datafield tag="400" ind1="1" ind2=" ">
    <subfield code="a">Hugessen, E. H. Knatchbull</subfield>
    <subfield code="q">(Edward Hugessen Knatchbull),</subfield>
    <subfield code="d">1829-1893</subfield>
  </datafield>
  <datafield tag="400" ind1="1" ind2=" ">
    <subfield code="a">Knatchbull-Hugessen, Edward Hugessen,</subfield>
    <subfield code="c">Baron Brabourne,</subfield>
    <subfield code="d">1829-1893</subfield>
  </datafield>
  <datafield tag="670" ind1=" " ind2=" ">
    <subfield code="a">His Higgledy-piggledy, 1876:</subfield>
    <subfield code="b">t.p. (E.H. Knatchbull Hugessen, M.P.)</subfield>
  </datafield>
  <datafield tag="670" ind1=" " ind2=" ">
    <subfield code="a">DNB</subfield>
    <subfield code="b">(Knatchbull-Hugessen, Edward Hugessen, first Baron Brabourne, 1829-1893; b. 29 Apr. 1829, Marsham Hatch, Kent; elected M.P. for Sandwich 1857; entered House of Lords 1880; d. 6 Feb. 1893)</subfield>
  </datafield>
  <datafield tag="670" ind1=" " ind2=" ">
    <subfield code="a">RLIN database, 9/8/92</subfield>
    <subfield code="b">(hdg.: Brabourne, Edward Hugessen Knatchbull-Hugessen, 1829-1893)</subfield>
  </datafield>
</record>